@book{shiryaev_finmath,
 author = {Ширяев Альберт Николаевич},
 isbn = {},
 publisher = {МЦНМО},
 title = {Основы стозстической финансовой математики: Т.1: Факты, модели},
 year = {2016},
 vol = {440}
}
